@ARTICLE{B10,
   author = {{Binney}, J.},
    title = "{Distribution functions for the Milky Way}",
  journal = {Monthly Notices of the Royal Astronomical Society},
archivePrefix = "arXiv",
   eprint = {0910.1512},
 primaryClass = "astro-ph.GA",
 keywords = {solar neighbourhood, Galaxy: disc, galaxies: kinematics and dynamics},
     year = 2010,
    month = feb,
   volume = 401,
    pages = {2318-2330},
      doi = {10.1111/j.1365-2966.2009.15845.x},
   adsurl = {http://adsabs.harvard.edu/abs/2010MNRAS.401.2318B},
  adsnote = {Provided by the SAO/NASA Astrophysics Data System}
}

@ARTICLE{D00,
   author = {{Dehnen}, W.},
    title = "{The Effect of the Outer Lindblad Resonance of the Galactic Bar on the Local Stellar Velocity Distribution}",
  journal = {The Astronomical Journal},
   eprint = {astro-ph/9911161},
 keywords = {GALAXY: KINEMATICS AND DYNAMICS, GALAXY: STRUCTURE, GALAXY: SOLAR NEIGHBORHOOD},
     year = 2000,
    month = feb,
   volume = 119,
    pages = {800-812},
      doi = {10.1086/301226},
   adsurl = {http://adsabs.harvard.edu/abs/2000AJ....119..800D},
  adsnote = {Provided by the SAO/NASA Astrophysics Data System}
}

@ARTICLE{KBCCGHS18,
   author = {{Kawata}, D. and {Baba}, J. and {Ciuc{\v a}}, I. and {Cropper}, M. and 
	{Grand}, R.~J.~J. and {Hunt}, J.~A.~S. and {Seabroke}, G.},
    title = "{Radial distribution of stellar motions in Gaia DR2}",
  journal = {Monthly Notices of the Royal Astronomical Society},
archivePrefix = "arXiv",
   eprint = {1804.10175},
 keywords = {Galaxy: disc, Galaxy: evolution, Galaxy: kinematics and dynamics},
     year = 2018,
    month = sep,
   volume = 479,
    pages = {L108-L112},
      doi = {10.1093/mnrasl/sly107},
   adsurl = {http://adsabs.harvard.edu/abs/2018MNRAS.479L.108K},
  adsnote = {Provided by the SAO/NASA Astrophysics Data System}
}

@ARTICLE{DR2,
   author = {{Gaia Collaboration} and {Brown}, A.~G.~A. and {Vallenari}, A. and 
	{Prusti}, T. and {de Bruijne}, J.~H.~J. and {Babusiaux}, C. and 
	{Bailer-Jones}, C.~A.~L. and {Biermann}, M. and {Evans}, D.~W. and 
	{Eyer}, L. and et al.},
    title = "{Gaia Data Release 2. Summary of the contents and survey properties}",
  journal = {Astronomy and Astrophysics},
archivePrefix = "arXiv",
   eprint = {1804.09365},
 keywords = {catalogs, astrometry, techniques: radial velocities, stars: fundamental parameters, stars: variables: general, minor planets, asteroids: general},
     year = 2018,
    month = aug,
   volume = 616,
    pages = {A1},
      doi = {10.1051/0004-6361/201833051},
   adsurl = {http://adsabs.harvard.edu/abs/2018A%26A...616A...1G},
  adsnote = {Provided by the SAO/NASA Astrophysics Data System}
}

@ARTICLE{GaiaMission,
   author = {{Gaia Collaboration} and {Prusti}, T. and {de Bruijne}, J.~H.~J. and 
	{Brown}, A.~G.~A. and {Vallenari}, A. and {Babusiaux}, C. and 
	{Bailer-Jones}, C.~A.~L. and {Bastian}, U. and {Biermann}, M. and 
	{Evans}, D.~W. and et al.},
    title = "{The Gaia mission}",
  journal = {Astronomy and Astrophysics},
archivePrefix = "arXiv",
   eprint = {1609.04153},
 primaryClass = "astro-ph.IM",
 keywords = {space vehicles: instruments, Galaxy: structure, astrometry, parallaxes, proper motions, telescopes},
     year = 2016,
    month = nov,
   volume = 595,
    pages = {A1},
      doi = {10.1051/0004-6361/201629272},
   adsurl = {http://adsabs.harvard.edu/abs/2016A%26A...595A...1G},
  adsnote = {Provided by the SAO/NASA Astrophysics Data System}
}

@ARTICLE{Fragkoudi+19,
   author = {{Fragkoudi}, F. and {Katz}, D. and {White}, S.~D.~M. and {Di Matteo}, P. and 
	{Trick}, W. and {Sormani}, M.~C. and {Khoperskov}, S. and {Haywood}, M. and 
	{Hall{\'e}}, A. and {G{\'o}mez}, A.},
    title = "{On the ridges, undulations \& streams in Gaia DR2: Linking the topography of phase-space to the orbital structure at the OLR of an N-body bar}",	
  journal = {arXiv e-prints},
archivePrefix = "arXiv",
   eprint = {1901.07568},
 keywords = {Astrophysics - Astrophysics of Galaxies},
     year = 2019,
    month = jan,
   adsurl = {http://adsabs.harvard.edu/abs/2019arXiv190107568F},
  adsnote = {Provided by the SAO/NASA Astrophysics Data System}
}

@UNPUBLISHED{hunt2019,
	author = {Jason A. S. Hunt and Mathew W. Bub and Jo Bovy and J. Ted Mackereth and Wilma H. Trick and Daisuke Kawata},
	title = {Signatures of resonance and phase mixing in the Galactic disc},
	year = 2019,
	note = {In preparation}
}
